<record><leader>00000cas a2200000 a 4500</leader><controlfield tag="001">25896140</controlfield><controlfield tag="008">920527d19781992iluwr ne      0   a0eng c</controlfield><datafield ind1=" " ind2=" " tag="010"><subfield code="a">sn 92054551 </subfield></datafield><datafield ind1=" " ind2=" " tag="040"><subfield code="a">NVF</subfield><subfield code="b">eng</subfield><subfield code="c">NVF</subfield><subfield code="d">OCLCQ</subfield><subfield code="d">NVF</subfield><subfield code="d">OCLCF</subfield><subfield code="d">OCLCO</subfield><subfield code="d">NVF</subfield><subfield code="d">OCLCO</subfield><subfield code="d">OCL</subfield></datafield><datafield ind1=" " ind2=" " tag="042"><subfield code="a">pcc</subfield></datafield><datafield ind1=" " ind2=" " tag="043"><subfield code="a">n-us-il</subfield></datafield><datafield ind1="0" ind2=" " tag="130"><subfield code="a">Princeville telephone (Princeville, Ill. : 1978)</subfield></datafield><datafield ind1="1" ind2="4" tag="245"><subfield code="a">The Princeville telephone.</subfield></datafield><datafield ind1="1" ind2="7" tag="246"><subfield code="a">Wyoming post-herald the Princeville telephone</subfield><subfield code="f">Nov. 29, 1978-Feb. 8, 1984</subfield></datafield><datafield ind1="1" ind2="7" tag="246"><subfield code="a">Post-herald the telephone</subfield><subfield code="f">&lt;Feb. 22, 1984&gt;-May 2, 1984</subfield></datafield><datafield ind1="1" ind2="7" tag="246"><subfield code="a">Gazette times bugle banner telephone</subfield><subfield code="f">Sept. 20, 1990-&lt;Dec. 20, 1990&gt;</subfield></datafield><datafield ind1="1" ind2="7" tag="246"><subfield code="a">Times gazette bugle banner telephone</subfield><subfield code="f">&lt;Jan. 9-Dec. 17, 1992&gt;</subfield></datafield><datafield ind1="3" ind2=" " tag="246"><subfield code="a">Wyoming post herald the Princeville telephone</subfield></datafield><datafield ind1="3" ind2=" " tag="246"><subfield code="a">Post herald the telephone</subfield></datafield><datafield ind1=" " ind2=" " tag="260"><subfield code="a">Princeville, Peoria County, Ill. :</subfield><subfield code="b">Dan Smith,</subfield><subfield code="c">1978-1992.</subfield></datafield><datafield ind1="2" ind2=" " tag="260"><subfield code="3">&lt;Jan. 6, 1982-July 20, 1983&gt;</subfield><subfield code="a">Princeville, Peoria County, Ill. :</subfield><subfield code="b">Mary F. Smith</subfield></datafield><datafield ind1="2" ind2=" " tag="260"><subfield code="3">July 27, 1983-Apr. 18, 1984</subfield><subfield code="a">Princeville, Peoria County, Ill. :</subfield><subfield code="b">Smith Newspapers</subfield></datafield><datafield ind1="2" ind2=" " tag="260"><subfield code="3">Apr. 25, 1984-&lt;&gt;</subfield><subfield code="a">Princeville, Peoria County, Ill. :</subfield><subfield code="b">Jim Nowlan</subfield></datafield><datafield ind1="3" ind2=" " tag="260"><subfield code="3">Sept. 20, 1990-&lt;Dec. 17, 1992&gt;</subfield><subfield code="a">Princeville, Peoria County, Ill. :</subfield><subfield code="b">DeEllda J. Swindler</subfield></datafield><datafield ind1=" " ind2=" " tag="300"><subfield code="a">v.</subfield></datafield><datafield ind1=" " ind2=" " tag="310"><subfield code="a">Weekly</subfield></datafield><datafield ind1="0" ind2=" " tag="362"><subfield code="a">Vol. 102, no. 14 (July 5, 1978)-</subfield></datafield><datafield ind1="1" ind2=" " tag="362"><subfield code="a">Ceased in Dec. 1992.</subfield></datafield><datafield ind1=" " ind2=" " tag="515"><subfield code="a">Issues for July 1, 1981-&lt;&gt; called v. 106, no. 14-&lt;&gt;.</subfield></datafield><datafield ind1=" " ind2=" " tag="515"><subfield code="a">Suspended with July 4, 1984 issue; resumed with July 26, 1984 issue.</subfield></datafield><datafield ind1=" " ind2=" " tag="515"><subfield code="a">Issue for June 11, 1992 marked as June 4, 1992 on masthead.</subfield></datafield><datafield ind1=" " ind2=" " tag="580"><subfield code="a">Other ed. available: Wyoming post-herald (Wyoming, Ill. : 1978), 1978-1984.</subfield></datafield><datafield ind1=" " ind2=" " tag="588"><subfield code="a">Latest issue consulted: Vol. 117, &lt;no. 51&gt; (Dec. 24, 1992).</subfield></datafield><datafield ind1=" " ind2="0" tag="651"><subfield code="a">Princeville (Ill.)</subfield><subfield code="v">Newspapers.</subfield></datafield><datafield ind1=" " ind2="0" tag="651"><subfield code="a">Dunlap (Ill.)</subfield><subfield code="v">Newspapers.</subfield></datafield><datafield ind1=" " ind2="0" tag="651"><subfield code="a">Brimfield (Ill.)</subfield><subfield code="v">Newspapers.</subfield></datafield><datafield ind1=" " ind2="7" tag="651"><subfield code="a">Illinois</subfield><subfield code="z">Brimfield</subfield><subfield code="2">fast</subfield><subfield code="0">(OCoLC)fst01883518</subfield></datafield><datafield ind1=" " ind2="7" tag="651"><subfield code="a">Illinois</subfield><subfield code="z">Dunlap.</subfield><subfield code="2">fast</subfield><subfield code="0">(OCoLC)fst01301285</subfield></datafield><datafield ind1=" " ind2="7" tag="651"><subfield code="a">Illinois</subfield><subfield code="z">Princeville.</subfield><subfield code="2">fast</subfield><subfield code="0">(OCoLC)fst01252708</subfield></datafield><datafield ind1=" " ind2="7" tag="655"><subfield code="a">Newspapers.</subfield><subfield code="2">fast</subfield><subfield code="0">(OCoLC)fst01423814</subfield></datafield><datafield ind1=" " ind2=" " tag="752"><subfield code="a">United States</subfield><subfield code="b">Illinois</subfield><subfield code="c">Peoria</subfield><subfield code="d">Princeville.</subfield></datafield><datafield ind1="1" ind2=" " tag="775"><subfield code="t">Wyoming post-herald (Wyoming, Ill. : 1978)</subfield><subfield code="w">(DLC)sn 93055540</subfield><subfield code="w">(OCoLC)27732894</subfield></datafield><datafield ind1="0" ind2="0" tag="780"><subfield code="t">Telephone (Princeville, Ill.)</subfield><subfield code="w">(DLC)sn 92054540</subfield><subfield code="w">(OCoLC)25895988</subfield></datafield><datafield ind1="0" ind2="0" tag="785"><subfield code="t">Tri-county news (Elmwood, Ill. : Princeville telephone ed.)</subfield><subfield code="w">(DLC)sn2003061933</subfield><subfield code="w">(OCoLC)53008938</subfield></datafield><datafield ind1="1" ind2=" " tag="029"><subfield code="a">AU@</subfield><subfield code="b">000020728531</subfield></datafield></record>